@book{tannehill,
    title = {Computational Fluid Mechanics and Heat Transfer (2nd ed.)},
    author = {John C. Tannehill, Dale A. Anderson, Richard H. Pletcher},
    year = {1997},
    isbn = {1-56032-046-X} 
}

@book{griffiths,
    title = {Essential Partial Differential Equations Analytical and Computational Aspects},
    chapter = {Finite Difference Methods for Parabolic PDEs},
    author = {Griffiths, David F.},
    isbn = {978-3-319-22568-5},
    series = {Springer Undergraduate Mathematics Series},
    year = {2015},
    publisher = {Springer},
    keywords = {physics}
}

@online{paper,
    author = {Tomasz Korzec},
    title = {Nm2b Hydrodynamics python/MPI},
    % year = {2022},
    % url = {https://example.com},
    % note = {}
}